  @Misc{google1,
  author = {{{Google}}},
  title  = {"Google images"},
  year   = {2017},
  url    = {https://i2.wp.com/python3.codes/wp-content/uploads/2017/01/XIHOY.jpg?fit=640%2C417},
}

@Article{Zhou2016,
  author  = {Zhi-Hua Zhou},
  title   = {Ensemble Learning},
  journal = {National Key Laboratory for Novel Software Technology},
  year    = {2016},
  volume = {23},
  pages = {220-235},
  number ={122-127}
}

@Proceedings{M2010,
  title    = {Measuring User Influence in Twitter: The Million Follower Fallacy},
  year     = {2010},
  editor   = {Meeyoung Cha, Hamed Haddadi,Fabr´ıcio Benevenuto,,Krishna P. Gummadi},
  venue    = {Washington D C},
  language = {English},
  pages    = {10-17},
  url      = {https://www.aaai.org/ocs/index.php/ICWSM/ICWSM10/paper/viewFile/1538/1826,2011},
}

@Online{Katz1955,
  author       = {Katz, E., and Lazarsfeld},
  title        = {Personal Influence: The Part Played by People in the Flow of Mass Communications.},
  year         = {1955},
  language     = {English},
  organization = {The Free Press.},
}

@Online{Breiman2010,
  author       = {Leo Breiman and Adele Cutler},
  title        = {Rnadom Forests},
  year         = {2010},
  url          = {https://www.stat.berkeley.edu/~breiman/RandomForests/cc_home.htm},
  organization = {Berkley},
}
@Book{Agresti2007,
  author    = {Alan Agresti},
  title     = {Introduction to Categorical Data Analysis},
  year      = {2007},
  volume    = {2},
  publisher = {JohnWiley \& Sons, Inc., Hoboken},
  chapter   = {4},
  pages     = {91-94},
  address   = {New Jersey},
  pagetotal = {394},
}
@Misc{Brownlee2017,
  author = {Jason Brownlee},
  title  = {A Gentle Introduction to Mini-Batch Gradient Descent},
  year   = {2017},
  url    = {https://machinelearningmastery.com/gentle-introduction-mini-batch-gradient-descent-configure-batch-size/},
}
@article{scikit-learn,
 title={Scikit-learn: Machine Learning in {P}ython},
 author={Pedregosa, F. and Varoquaux, G. and Gramfort, A. and Michel, V.
         and Thirion, B. and Grisel, O. and Blondel, M. and Prettenhofer, P.
         and Weiss, R. and Dubourg, V. and Vanderplas, J. and Passos, A. and
         Cournapeau, D. and Brucher, M. and Perrot, M. and Duchesnay, E.},
 journal={Journal of Machine Learning Research},
 volume={12},
 pages={2825--2830},
 year={2011}
}
@Misc{Brownlee2016,
  author = {Jason Brownlee},
  title  = {Boosting and AdaBoost for Machine Learning},
  year   = {2016},
  url    = {https://machinelearningmastery.com/boosting-and-adaboost-for-machine-learning/},
}

@Unpublished{Williamson1,
  author       = {Donald Williamson},
  title        = {Lecture on Neural Networks},
  year         = {2016},
  howpublished = {Lecture notes},
  url          = {https://iu.instructure.com/courses/1600135/files/folder/Lecture%20Slides?preview=69588803},
}


@Unpublished{Williamson2,
  author       = {Donald Williamson},
  title        = {Lecture on Support Vector Machines},
  year         = {2016},
  howpublished = {Lecture notes},
  url          = {https://iu.instructure.com/courses/1600135/files/folder/Lecture%20Slides?preview=70070725},
}

@Unpublished{Crandall,
  author       = {David Crandall},
  title        = {Lecture on Naive bayes},
  year         = {2017},
  howpublished = {Lecture notes},
  url          = {https://iu.instructure.com/courses/1649672/files/72107879?module_item_id=16147477},
}
