@Unpublished{Crandall,
  author       = {David Crandall},
  title        = {Lecture on Artificial Intelligence},
  year         = {2017},
  howpublished = {Lecture notes},
  url          = {https://iu.instructure.com/courses/1649672/files/72178167?module_item_id=16172128},
}

@Misc{www-wiki1,
  author = {{Wikipedia}},
  title  = {"Wiki website"},
  year = {2016},
  url    = {https://en.wikipedia.org/wiki/Computer_vision},
}

@Unpublished{Williamson,
  author       = {Donald Williamson},
  title        = {Lecture on Convolutional Neural Networks},
  year         = {2016},
  howpublished = {Lecture notes},
  url          = {https://iu.instructure.com/courses/1600135/files/folder/Lecture%20Slides?preview=69655358},
}

@Misc{google,
  author = {{{Google}}},
  title  = {"Google images"},
  year   = {2017},
  url    = {https://www.google.com/search?q=convolutional+neural+network&num=20&newwindow=1&rlz=1C1CHBF_enUS759US759&source=lnms&tbm=isch&sa=X&ved=0ahUKEwi9tsLMwqjXAhWa14MKHb1HCEgQ_AUICigB&biw=1707&bih=826&dpr=1.13#imgrc=dBgDZd3GJF-P5M:},
}

@Article{Christian,
  author  = {Christian Szegedy, Vincent Vanhouc, Sergey Ioffe , Jon Shlens and Zbigniew Wojna},
  title   = {Rethinking the Inception Architecture for Computer Vision},
  journal = {The IEEE Conference on Computer Vision and Pattern Recognition (CVPR)},
  year    = {2016},
  pages   = {2818-2826},
  volume  = {22},
  number  = {21},
  url     = {https://www.cv-foundation.org/openaccess/content_cvpr_2016/html/Szegedy_Rethinking_the_Inception_CVPR_2016_paper.html}

}

@Article{OLeary,
  author       = {D. E. O'Leary},
  title        = {Artificial Intelligence and Big Data},
  journal      = {IEEE},
  journaltitle = {IEEE Intelligent Systems},
  year         = {2013},
  volume       = {28},
  pages        = {96 - 99},
  issn         = {1541-1672},
  doi          = {10.1109/MIS.2013.39},
  url          = {http://ieeexplore.ieee.org/abstract/document/6547979/},
}
