
@Article{,
  author  = {Gregor von Laszewski},
  title   = {Big data with Artificial Neural Network},
  journal = {Big data and Applications},
  year    = {2017},
}
